<record><leader>00000cas a22000007a 4500</leader><controlfield tag="001">18343317</controlfield><controlfield tag="008">880811c19359999aruwr ne      0    0eng d</controlfield><controlfield tag="009">8899</controlfield><datafield ind1=" " ind2=" " tag="010"><subfield code="a">sn 88051052 </subfield></datafield><datafield ind1=" " ind2=" " tag="040"><subfield code="a">ANU</subfield><subfield code="b">eng</subfield><subfield code="c">ANU</subfield><subfield code="d">OCLCQ</subfield></datafield><datafield ind1=" " ind2=" " tag="042"><subfield code="a">msc</subfield></datafield><datafield ind1="0" ind2=" " tag="130"><subfield code="a">Benton County Democrat (Bentonville, Ark. : 1935)</subfield></datafield><datafield ind1="0" ind2="0" tag="245"><subfield code="a">Benton County Democrat.</subfield></datafield><datafield ind1=" " ind2=" " tag="260"><subfield code="a">Bentonville, Benton County, Ark. :</subfield><subfield code="b">G.S. Lindsey, C.T. Boren, M.V. Lamberson</subfield></datafield><datafield ind1=" " ind2=" " tag="300"><subfield code="a">v.</subfield></datafield><datafield ind1=" " ind2=" " tag="310"><subfield code="a">Weekly,</subfield><subfield code="b">Nov. 8, 1951-</subfield></datafield><datafield ind1=" " ind2=" " tag="321"><subfield code="a">Semiweekly,</subfield><subfield code="b">&lt;Jan. 2, 1950-Nov. 1, 1951&gt;</subfield></datafield><datafield ind1=" " ind2=" " tag="321"><subfield code="a">Weekly,</subfield><subfield code="b">&lt;Apr. 25, 1935-Nov. 18, 1948&gt;</subfield></datafield><datafield ind1="0" ind2=" " tag="362"><subfield code="a">Vol. 49, no. 27 (Apr. 25, 1935)-v. 53, no. 37 (June 29, 1939) ; 53rd year, no. 38 (July 6, 1939)-</subfield></datafield><datafield ind1=" " ind2="4" tag="651"><subfield code="a">Bentonville (Ark.)</subfield><subfield code="v">Newspapers.</subfield></datafield><datafield ind1=" " ind2="4" tag="651"><subfield code="a">Benton County (Ark.)</subfield><subfield code="v">Newspapers.</subfield></datafield><datafield ind1=" " ind2=" " tag="752"><subfield code="a">United States</subfield><subfield code="b">Arkansas</subfield><subfield code="c">Benton</subfield><subfield code="d">Bentonville.</subfield></datafield><datafield ind1="0" ind2="4" tag="780"><subfield code="t">Benton County record and Democrat and the Benton County sun</subfield><subfield code="w">(DLC)sn 88051048</subfield></datafield><datafield ind1="0" ind2="4" tag="780"><subfield code="t">Benton County herald (Bentonville, Ark.)</subfield><subfield code="w">(DLC)sn 88051045</subfield></datafield><datafield ind1="0" ind2="0" tag="785"><subfield code="t">Benton County daily Democrat</subfield><subfield code="w">(DLC)sn 89051461</subfield></datafield></record>